@article{rome1998electron,
  author={M Rom{\'e} and V Erckmann and U Gasparino and N Karulin},
  title={Electron cyclotron resonance heating and current drive in the W7-X stellarator},
  journal={Plasma Physics and Controlled Fusion},
  volume={40},
  number={4},
  pages={511},
  url={http://stacks.iop.org/0741-3335/40/i=4/a=006},
  year={1998},
}

@article{kernbichler2008recent,
  title={{Recent Progress in NEO-2 -- A Code for Neoclassical Transport Computations Based on Field Line Tracing}},
  author={Kernbichler, W and Kasilov, S V and Leitold, G O and Nemov, V V and Allmaier, K},
  journal={Plasma and Fusion Research},
  volume={3},
  pages={S1061--S1061},
  year={2008},
  publisher={The Japan Society of Plasma Science and Nuclear Fusion Research},
  doi={http://dx.doi.org/10.1585/pfr.3.S1061}
}

@article{klinger2013towards,
  title={Towards assembly completion and preparation of experimental campaigns of Wendelstein 7-X in the perspective of a path to a stellarator fusion power plant},
  author={Klinger, T and Baylard, C and Beidler, CD and Boscary, J and Bosch, HS and Dinklage, A and Hartmann, D and Helander, P and Ma{\ss}berg, H and Peacock, A and Pedersen, TS and Rummel, T and Schauer, F and Wegener, L and Wolf, R},
  journal={Fusion Engineering and Design},
  volume={88},
  number={6--8},
  pages={461--465},
  year={2013},
  publisher={Elsevier}
}

@article{klinger2017performance,
	author = {T Klinger and A Alonso and S Bozhenkov and R Burhenn and A Dinklage and G Fuchert and J Geiger and O Grulke and A Langenberg and M Hirsch and G Kocsis and J Knauer and A Kr{\"a}mer-Flecken and H Laqua and S Lazerson and M Landreman and H Maa{\ss}berg and S Marsen and M Otte and N Pablant and E Pasch and K Rahbarnia and T Stange and T Szepesi and H Thomsen and P Traverso and J L Velasco and T Wauters and G Weir and T Windisch and The Wendelstein 7-X Team},
	journal = {Plasma Physics and Controlled Fusion},
	number = {1},
	pages = {014018},
	title = {Performance and properties of the first plasmas of Wendelstein 7-X},
	url = {http://stacks.iop.org/0741-3335/59/i=1/a=014018},
	volume = {59},
	year = {2017}
}


@article{pedersen2016confirmation,
  title={Confirmation of the topology of the Wendelstein 7-X magnetic field to better than 1: 100,000},
  author={Sunn Pedersen, T and Otte, M and Lazerson, S and Helander, P and Bozhenkov, S and Biedermann, C and Klinger, T and Wolf, RC and Bosch, H-S and the Wendelstein 7-X team},
  journal={Nature Communications},
  volume={7},
  year={2016},
  publisher={Nature Publishing Group}
}


@article{klinger2017performance,
  author={T Klinger and A Alonso and S Bozhenkov and R Burhenn and A Dinklage and G Fuchert and J Geiger and O Grulke and A Langenberg and M
Hirsch and G Kocsis and J Knauer and A Krämer-Flecken and H Laqua and S Lazerson and M Landreman and H Maaßberg and S Marsen and M
Otte and N Pablant and E Pasch and K Rahbarnia and T Stange and T Szepesi and H Thomsen and P Traverso and J L Velasco and T Wauters and G
Weir and T Windisch and The Wendelstein 7-X Team},
  title={Performance and properties of the first plasmas of Wendelstein 7-X},
  journal={Plasma Physics and Controlled Fusion},
  volume={59},
  number={1},
  pages={014018},
  url={http://stacks.iop.org/0741-3335/59/i=1/a=014018},
  year={2017}
}
	

@article{marushchenko2014ray,
  title={Ray-tracing code TRAVIS for ECR heating, EC current drive and ECE diagnostic},
  author={Marushchenko, N B and Turkin, Y and Maa{\ss}berg, H},
  journal={Computer Physics Communications},
  volume={185},
  number={1},
  pages={165--176},
  year={2014},
  publisher={Elsevier}, 
  doi = {http://dx.doi.org/10.1016/j.cpc.2013.09.002},
}

@article{kernbichler2016solution,
  title={Solution of drift kinetic equation in stellarators and tokamaks with broken symmetry using the code NEO-2},
  author={Kernbichler, W and Kasilov, S V and Kapper, G and Martitsch, A F and Nemov, V V and Albert, C and Heyn, M F},
  journal={Plasma Physics and Controlled Fusion},
  volume={58},
  number={10},
  pages={104001},
  year={2016},
  publisher={IOP Publishing},
  doi = {http://dx.doi.org/10.1088/0741-3335/58/10/104001},  
}

@article{kasilov1996passive,
  title={Passive cyclotron current drive efficiency for relativistic toroidal plasmas},
  author={Kasilov, S V and Kernbichler, W},
  journal={Physics of Plasmas},
  volume={3},
  number={11},
  pages={4115--4127},
  year={1996},
  publisher={AIP Publishing}, 
  doi = {http://dx.doi.org/10.1063/1.871544} 
}

@article{antonsen1982radio,
  title={Radio frequency current generation by waves in toroidal geometry},
  author={Antonsen, T M and Chu, K R},
  journal={Physics of Fluids},
  volume={25},
  number={8},
  pages={1295--1296},
  year={1982},
  publisher={AIP Publishing}, 
  doi = {http://dx.doi.org/10.1063/1.863906}
}

@article{kernbichler2015computation,
	author = {Kernbichler, W and Kapper, G and Kasilov, S V and Marushchenko, N B.},
	title = {Computation of the Spitzer function in stellarators and tokamaks with finite collisionality},
	DOI= "10.1051/epjconf/20158701006",
	url= "http://dx.doi.org/10.1051/epjconf/20158701006",
	journal = {EPJ Web of Conferences},
	year = 2015,
	volume = 87,
	pages = "01006",
}

@article{deboor1972calculating,
  title={On calculating with B-splines},
  author = "Carl de Boor",
  journal={Journal of Approximation Theory},
  volume={6},
  number={1},
  pages={50--62},
  year={1972},
  publisher={Elsevier},
  doi = "http://dx.doi.org/10.1016/0021-9045(72)90080-9",
}

@book{de1978practical,
  title={A Practical Guide to Splines},
  author={de Boor, Carl},
  volume={27},
  year={1978},
  publisher={Springer-Verlag New York}
}

@article{schoenberg1967spline,
  title={On spline interpolation at all integer points of the real axis},
  author={Schoenberg, Isaac J},
  journal={S{\'e}minaire Delange-Pisot-Poitou. Th{\'e}orie des nombres},
  volume={9},
  number={1},
  pages={1--18},
  year={1967}
}

@article{spitzer1953transport,
  title={Transport Phenomena in a Completely Ionized Gas},
  author={Spitzer, L and H{\"a}rm, R},
  journal={Physical Review},
  volume={89},
  number={5},
  pages={977--981},
  year={1953},
  publisher = {American Physical Society},
  doi = {10.1103/PhysRev.89.977},
}

@article{trubnikov1965particle,
  title={Particle interactions in a fully ionized plasma},
  author={Trubnikov, B A},
  journal={Reviews of Plasma Physics},
  volume={1},
  pages={105},
  year={Consultants Bureau, New York, 1965}
}

@article{littlejohn1983variational,
  title={Variational principles of guiding centre motion},
  author={Littlejohn, Robert G},
  journal={Journal of Plasma Physics},
  volume={29},
  number={01},
  pages={111--125},
  year={1983},
  publisher={Cambridge Univ Press}
}



@article{landau1936kinetic,
  title={Kinetic equation for the Coulomb effect},
  author={Landau, LD},
  journal={Phys. Z. Sowjetunion},
  volume={10},
  pages={154},
  year={1936}
}

@article{rosenbluth1957fokker,
  title={Fokker-Planck equation for an inverse-square force},
  author={Rosenbluth, Marshall N and MacDonald, William M and Judd, David L},
  journal={Physical Review},
  volume={107},
  number={1},
  pages={1},
  year={1957},
  publisher={APS}
}

@article{trubnikov1958differential,
  title={{The differential form of the kinetic equation of a plasma for the case of Coulomb collisions}},
  author={Trubnikov, BA},
  journal={SOVIET PHYSICS JETP-USSR},
  volume={7},
  number={5},
  pages={926--927},
  year={1958},
  publisher={AMER INST PHYSICS CIRCULATION FULFILLMENT DIV, 500 SUNNYSIDE BLVD, WOODBURY, NY 11797-2999}
}

@article{helander2001neoclassical,
  title={Neoclassical current drive by waves with a symmetric spectrum},
  author={Helander, P and Catto, P J},
  journal={Physics of Plasmas},
  volume={8},
  number={5},
  pages={1988--1994},
  year={2001},
  publisher={AIP Publishing},
  doi = "http://dx.doi.org/10.1063/1.1343885"
}

@book{helander2005collisional,
  title={Collisional transport in magnetized plasmas},
  author={Helander, Per and Sigmar, Dieter J},
  volume={4},
  year={2005},
  publisher={Cambridge University Press}
}

@book{jackson1999classical,
  title={Classical Electrodynamics},
  author={Jackson, J D},
  edition={Second},
  year={1999},
  publisher={Wiley}
}

@article{wong1985matrix,
  title={Matrix elements of the linearized Fokker--Planck operator},
  author={Wong, S K},
  journal={Physics of Fluids},
  volume={28},
  number={6},
  pages={1695--1701},
  year={1985},
  publisher={AIP Publishing}
}

@book{hobson1931theory,
  title={The theory of spherical and ellipsoidal harmonics},
  author={Hobson, E W},
  year={1931},
  publisher={CUP Archive}
}

@Incollection{braginskii1965transport,
   author    = {Braginskii, S.~I.},
   title     = {Transport Processes in Plasma},
   booktitle = {Reviews of Plasma Physics},
   year      = {1965},
   publisher = {Consultants Bureau},
   address   = {New York},
   pages     = {205--311},
   volume    = {1}
}

@Incollection{morozov1966structure,
   author    = {Morozov, A. I., and Solov'ev, L. S.},
   title     = {The structure of magnetic fields},
   booktitle = {Reviews of Plasma Physics},
   year      = {1966},
   publisher = {Consultants Bureau},
   address   = {New York},
   pages     = {1--101},
   volume    = {2}
}

@article{turkin2011neoclassical,
  title={Neoclassical transport simulations for stellarators},
  author={Turkin, Yu and Beidler, C D and Maa{\ss}berg, H and Murakami, S and Tribaldos, V and Wakasa, A},
  journal={Physics of Plasmas},
  volume={18},
  number={2},
  pages = "022505",
  year={2011},
  doi = {http://dx.doi.org/10.1063/1.3553025},
  publisher={AIP Publishing},
}

@article{hirshman1983steepest,
   author = "Hirshman, S. P. and Whitson, J. C.",
   title = "Steepest-descent moment method for three-dimensional magnetohydrodynamic equilibria",
   journal = "Physics of Fluids",
   year = "1983",
   volume = "26",
   number = "12", 
   pages = "3553-3568",
   url = "http://scitation.aip.org/content/aip/journal/pof1/26/12/10.1063/1.864116",
   doi = "http://dx.doi.org/10.1063/1.864116" 
}

@article{beidler2011benchmarking,
  title={Benchmarking of the mono-energetic transport coefficients-results from the International Collaboration on Neoclassical Transport in Stellarators (ICNTS)},
  author={C. D. Beidler and K. Allmaier and M. Yu. Isaev and S. V. Kasilov and W. Kernbichler and G. O. Leitold and H. Maa{\ss}berg and D. R. Mikkelsen and S. Murakami and M. Schmidt and D. A. Spong and V. Tribaldos and A. Wakasa},  
  journal={Nuclear Fusion},
  volume={51},
  number={7},
  pages={076001},
  year={2011},
  publisher={IOP Publishing},
  url={http://stacks.iop.org/0029-5515/51/i=7/a=076001},
}

@article{nuehrenberg1986stable,
title = "Stable stellarators with medium $\beta$ and aspect ratio",
journal = "Physics Letters A",
volume = "114",
number = "3",
pages = "129 - 132",
year = "1986",
issn = "0375-9601",
doi = "http://dx.doi.org/10.1016/0375-9601(86)90539-6",
url = "http://www.sciencedirect.com/science/article/pii/0375960186905396",
author = "J. Nührenberg and R. Zille",
}

@article{nuehrenberg1988quasi,
title = "Quasi-helically symmetric toroidal stellarators",
journal = "Physics Letters A",
volume = "129",
number = "2",
pages = "113 - 117",
year = "1988",
note = "",
issn = "0375-9601",
doi = "http://dx.doi.org/10.1016/0375-9601(88)90080-1",
url = "http://www.sciencedirect.com/science/article/pii/0375960188900801",
author = "J. Nührenberg and R. Zille",

}

@article{kernbichler2010generalized,
  title = {Generalized Spitzer Function with Finite Collisionality in Toroidal Plasmas},
  author={Kernbichler, W and Kasilov, S V and Leitold, G O and Nemov, V V and Marushchenko, N B},
  journal={Contributions to Plasma Physics},
  volume={50},
  number={8},
  pages={761--765},
  year={2010},
  issn = {1521-3986},
  publisher={Wiley Online Library},
  doi = {10.1002/ctpp.200900027},
}

@article{martitsch2016effect,
  title={Effect of 3D magnetic perturbations on the plasma rotation in ASDEX Upgrade},
  author={Martitsch, A F and Kasilov, S V and Kernbichler, W and Kapper, G and Albert, C G and Heyn, M F and Smith, H M and Strumberger, E and Fietz, S and Suttrop, W and Landreman, M and {the ASDEX Upgrade Team} and {the EUROfusion MST1 Team}},
  journal={Plasma Physics and Controlled Fusion},
  volume={58},
  number={7},
  pages={074007},
  year={2016},
  publisher={IOP Publishing},
  url={http://stacks.iop.org/0741-3335/58/i=7/a=074007},
}

@article{albert2016evaluation, 
author = {Christopher G. Albert and Martin F. Heyn and  TU Graz ITPcp Plasmaand Sergei V. Kasilov and Winfried Kernbichler and Andreas F. Martitsch},
title = {Evaluation of toroidal torque by non-resonant magnetic perturbations in tokamaks for resonant transport regimes using a Hamiltonian approach},
journal = {Physics of Plasmas},
volume = {23},
number = {8},
pages = {082515},
year = {2016},
doi = {10.1063/1.4961084},
}

@inproceedings{kapper2015modeling,
  title={Modeling of electron cyclotron current drive for finite collisionality plasmas in Wendelstein 7-X},
  author={Kapper, G and Kernbichler, W and Kasilov, S V and Marushchenko, N B},
  booktitle={42nd EPS Conference on Plasma Physics},
  year={2015},
  volume = {39E},
  pages = {P1.164},
  publisher = {European Physical Society},  
}

@online{hdf5,
    author = {{The HDF Group}},
    title ={Hierarchical Data Format, version 5},
    year = {1997-2016},
    url = {http://www.hdfgroup.org/HDF5/}
}

@article{grieger1992physics,
  title={Physics optimization of stellarators},
   author = "Grieger, G. and Lotz, W. and Merkel, P. and N{\"u}hrenberg, J. and Sapper, J. and Strumberger, E. and Wobig, H. and Burhenn, R. and Erckmann, V. and Gasparino, U. and Giannone, L. and Hartfuss, H. J. and Jaenicke, R. and K{\"u}hner, G. and Ringler, H. and Weller, A. and Wagner, F. and the W7--X Team and the W7--AS Team",
  journal={Physics of Fluids B},
  volume={4},
  number={7},
  pages={2081--2091},
  year={1992},
  publisher={AIP Publishing}, 
  doi = "http://dx.doi.org/10.1063/1.860481" 
}

@article{maassberg2012electron,
   author = "Maa{\ss}berg, H. and Beidler, C. D. and Marushchenko, N. B.",
   title = "Electron cyclotron current drive modelling with parallel momentum correction for tokamaks and stellarators",
   journal = "Physics of Plasmas",
   year = "2012",
   volume = "19",
   number = "10", 
   pages = {102501},
   doi = "http://dx.doi.org/10.1063/1.4751436" 
}

@article{erckmann1994electron,
  title={Electron cyclotron resonance heating and current drive in toroidal fusion plasmas},
  author={Erckmann, V and Gasparino, U},
  journal={Plasma physics and controlled fusion},
  volume={36},
  number={12},
  pages={1869},
  year={1994},
  publisher={IOP Publishing}
}

@article{erckmann1990electron,
  title={Electron cyclotron resonance heating transmission line and launching system for the Wendelstein VII-AS stellarator},
  author={Erckmann, V and Kasparek, W and M{\"u}ller, GA and Sch{\"u}ller, PG and Thumm, M and others},
  journal={Fusion Science and Technology},
  volume={17},
  number={1},
  pages={76--85},
  year={1990},
  publisher={American Nuclear Society}
}

@article{erckmann2001electron,
  title={Electron cyclotron resonance heating and EC-current drive experiments at W7-AS, status at W7-X},
  author={Erckmann, V and Laqua, HP and Maassberg, H and Geiger, J and Dammertz, G and Kasparek, W and Thumm, M and others},
  journal={Fusion engineering and design},
  volume={53},
  number={1},
  pages={365--375},
  year={2001},
  publisher={Elsevier}
}


@article{erckmann2007electron,
  title={Electron cyclotron heating for W7-X: physics and technology},
  author={Erckmann, V and Brand, P and Braune, H and Dammertz, G and Gantenbein, G and Kasparek, W and Laqua, H P and Maa{\ss}berg, H and Marushchenko, N B and Michel, G and Thumm, M and Turkin, Y and Weissgerber, M and Weller, A and {the W7--X ECRH--teams at IPP Greifswald, FZK Karlsruhe and IPF Stuttgart}},
  journal={Fusion Science and Technology},
  volume={52},
  number={2},
  pages={291--312},
  year={2007},
  publisher={American Nuclear Society}
}

@article{marushchenko2011electron,
  title={Electron cyclotron current drive in low collisionality limit: On parallel momentum conservation},
  author={Marushchenko, N B and Beidler, C D and Kasilov, S V and Kernbichler, W and Maa{\ss}berg, H and Prater, R and Harvey, R W},
  journal={Physics of Plasmas},
  volume={18},
  number={3},
  pages={032501},
  year={2011},
  publisher={AIP Publishing}, 
  doi = "http://dx.doi.org/10.1063/1.3558584" 
}

@article{hirshman1986plasma,
   author = "Hirshman, S. P. and Shaing, K. C. and van Rij, W. I. and Beasley, C. O. and Crume, E. C.",
   title = "Plasma transport coefficients for nonsymmetric toroidal confinement systems",
   journal = "Physics of Fluids",
   year = "1986",
   volume = "29",
   number = "9", 
   pages = "2951-2959",
   url = "http://scitation.aip.org/content/aip/journal/pof1/29/9/10.1063/1.865495",
   doi = "http://dx.doi.org/10.1063/1.865495" 
}

@article{ohkawa1976steady,
  title={Steady state operation of tokamaks by RF heating},
  author={Ohkawa, T},
  journal={General Atomics Report GA-A13847},
  year={1976}
}

@article{nemov1999evaluation,
   author = "Nemov, V. V. and Kasilov, S. V. and Kernbichler, W. and Heyn, M. F.",
   title = "Evaluation of 1/$\nu$ neoclassical transport in stellarators",
   journal = "Physics of Plasmas",
   year = "1999",
   volume = "6",
   number = "12", 
   pages = "4622-4632",
   url = "http://scitation.aip.org/content/aip/journal/pop/6/12/10.1063/1.873749",
   doi = "http://dx.doi.org/10.1063/1.873749" 
}
  	
@article{erkmann1992current,
  author={V Erckmann and U Gasparino and H Maa{\ss}berg},
  title={Current drive and bootstrap current in stellarators},
  journal={Plasma Physics and Controlled Fusion},
  volume={34},
  number={13},
  pages={1917},
  url={http://stacks.iop.org/0741-3335/34/i=13/a=021},
  year={1992},
}
	

@article{fisch1987theory,
  title={Theory of current drive in plasmas},
  author={Fisch, Nathaniel J},
  journal={Reviews of Modern Physics},
  volume={59},
  number={1},
  pages={175},
  year={1987},
  publisher={APS}
}

@article{fisch1980creating,
  title = {Creating an Asymmetric Plasma Resistivity with Waves},
  author = {Fisch, N. J. and Boozer, A. H.},
  journal={Physical Review Letters},
  volume = {45},
  issue = {9},
  pages = {720--722},
  numpages = {0},
  year = {1980},
  month = {Sep},
  publisher = {American Physical Society},
  doi = {10.1103/PhysRevLett.45.720},
  url = {http://link.aps.org/doi/10.1103/PhysRevLett.45.720}
}

@article{linliu1999modeling,
   author = "Lin-Liu, Y. R. and Chan, V. S. and Luce, T. C. and Prater, R. and Sauter, O. and Harvey, R. W.",
   title = "Modeling of electron cyclotron current drive experiments on DIII-D",
   journal = "AIP Conference Proceedings",
   year = "1999",
   volume = "485",
   number = "1", 
   pages = "249-252",
   doi = "http://dx.doi.org/10.1063/1.59674" 
}

@article{linliu2001collisionality,
   author = "Lin-Liu, Y. R. and Chan, V. S. and Hinton, F. L. and Wong, S. K.",
   title = "Collisionality effects on electron cyclotron current drive efficiency",
   journal = "AIP Conference Proceedings",
   year = "2001",
   volume = "595",
   number = "1", 
   pages = "438-441",
   doi = "http://dx.doi.org/10.1063/1.1424227" 
}

@article{cohen1987effect,
   author = "Cohen, Ronald H.",
   title = "Effect of trapped electrons on current drive",
   journal = "Physics of Fluids",
   year = "1987",
   volume = "30",
   number = "8", 
   pages = "2442-2449",
   doi = "http://dx.doi.org/10.1063/1.866136" 
}

@article{braams1989conductivity,
author = {Bastiaan J. Braams and Charles F. F. Karney},
title = {Conductivity of a relativistic plasma},
journal = {Physics of Fluids B: Plasma Physics},
volume = {1},
number = {7},
pages = {1355-1368},
year = {1989},
doi = {10.1063/1.858966}
}

@inproceedings{beliaev1956relativistic,
  title={The relativistic kinetic equation},
  author={Beliaev, S T and Budker, G I},
  booktitle={Soviet Phys.(Doklady)},
  volume={1},
  pages={218}, 
  year={1956},
}

@article{marushchenko2013relativistic,
  title={Relativistic neoclassical radial fluxes in the 1/$\nu$ regime},
  author={Marushchenko, I and Azarenkov, NA and Marushchenko, NB},
  journal={Plasma Physics and Controlled Fusion},
  volume={55},
  number={8},
  pages={085005},
  year={2013},
  publisher={IOP Publishing}
}

@article{geiger2015physics,
  author={J Geiger and C D Beidler and Y Feng and H Maaßberg and N B Marushchenko and Y Turkin},
  title={Physics in the magnetic configuration space of W7-X},
  journal={Plasma Physics and Controlled Fusion},
  volume={57},
  number={1},
  pages={014004},
  url={http://stacks.iop.org/0741-3335/57/i=1/a=014004},
  year={2015},
}


@article{spitzer1958the,
author = {Spitzer Jr., Lymann},
title = {The Stellarator Concept},
journal = {The Physics of Fluids},
volume = {1},
number = {4},
pages = {253-264},
year = {1958},
doi = {10.1063/1.1705883},
}


@article{kapper2016electron,
author = { TU Graz ITPcp Plasmaand Sergei V. Kasilov and Winfried Kernbichler and Andreas F. Martitsch and Martin F. Heyn and Nikolai B. Marushchenko and Yuriy Turkin},
title = {Electron cyclotron current drive simulations for finite collisionality plasmas in Wendelstein 7-X using the full linearized collision model},
journal = {Physics of Plasmas},
volume = {23},
number = {11},
pages = {112511},
year = {2016},
doi = {10.1063/1.4968234}
}

@conference{albert2016hamiltonianPoster,
  title  = "Hamiltonian approach for evaluation of toroidal torque from finite amplitude non-axisymmetric perturbations of a tokamak magnetic field in resonant transport regimes",
  author = "Albert, Christopher G. and Martin F. Heyn and  TU Graz ITPcp Plasmaand Sergei V. Kasilov and Winfried Kernbichler and Martitsch, Andreas Frank",
  year   = "2016",
  pages  = "P1.051",
  booktitle="43rd EPS Conference on Plasma Physics",
}

@conference{kapper2015impactPoster,
  title  = "Impact of finite collisionality effects on electron cyclotron current drive in stellarators",
  author = " TU Graz ITPcp Plasmaand Sergei V. Kasilov and Winfried Kernbichler and Martitsch, Andreas Frank and Marush\-chenko, Nikolai B.",
  year   = "2015",
  pages = "P2S3-39",
  booktitle= "20th International Stellarator-Heliotron Workshop",
}

@conference{kernbichler2017studiesPoster,
  title  = "Studies of the distribution function computed by NEO-2 using a fully relativistic Coulomb collision model and its application to ECCD in Wendelstein 7-X",
  author = "Winfried Kernbichler and  TU Graz ITPcp Plasmaand Sergei V. Kasilov and Martitsch, Andreas Frank and Marush\-chenko, Nikolai B.",
  year   = "2017",
  pages = "P1-49",
  booktitle= "21th International Stellarator-Heliotron Workshop",
}

@conference{martitsch2015effectPoster,
  title  = "Effect of 3D magnetic perturbations on the plasma rotation in tokamaks",
  author = "Martitsch, Andreas Frank and Sergei V. Kasilov and Winfried Kernbichler and  TU Graz ITPcp Plasmaand Christopher G. Albert and Martin F. Heyn and Erika Strumberger and Sina Fietz and Wolfgang Suttrop and the ASDEX Upgrade Team, and the EUROfusion MST1 Team",
  booktitle= "20th International Stellarator-Heliotron Workshop",
  year   = "2015",
  pages = "P1S1-2", 
}

@conference{kapper2015modelingPoster,
  title  = "Modeling of electron cyclotron current drive for finite collisionality plasmas in Wendelstein 7-X",
  author = " TU Graz ITPcp Plasmaand Winfried Kernbichler and Kasilov, Sergei V. and Marushchenko, Nikolai B.",
  year   = "2015",
  booktitle="42nd EPS Conference on Plasma Physics",
  pages = "P1.164",
}

@conference{kapper2014investigationPoster,
  title   = "Investigation of the Generalized Spitzer Function in Tokamaks and Stellarators",
  author  = " TU Graz ITPcp Plasmaand Sergei V. Kasilov and Winfried Kernbichler",
  booktitle = "51st Culham Plasma Physics Summer School", 
  year    = "2014",
}

@conference{kernbichler2013computationPoster,
  title  = "Computation of the Spitzer function in a stellarator",
  author = "Winfried Kernbichler and Sergei V. Kasilov and Gernot Kapper",
  booktitle= "Joint 19th ISHW and 16th RFP Workshop",
  year   = "2013",
}

@inbook{albert2016hamiltonian,
  title     = "Hamiltonian approach for evaluation of toroidal torque from finite amplitude non-axisymmetric perturbations of a tokamak magnetic field in resonant transport regimes",
  author    = "Albert, Christopher G. and Martin F. Heyn and  TU Graz ITPcp Plasmaand Sergei V. Kasilov and Winfried Kernbichler and Martitsch, Andreas Frank",
  year      = "2016",
  pages     = "P1.051",
  booktitle = "43rd EPS Conference on Plasma Physics",
}

@inproceedings{dinklage2016core,
  title={Core Confinement in Wendelstein 7-X Limiter Plasmas},
  author={Dinklage, A and Alonso, A and Baldzuhn, J and Beidler, CD and Biedermann, C and Blackwell, B and Bozhenkov, S and Brakel, R and Buttensch{\"o}n, B and Feng, Y and others},
  booktitle={43rd EPS Conference on Plasma Physics},
  year={2016},
  pages     = "O2.107",
  organization={European Physical Society}
}

@book{dinklage2005plasma,
  title={Plasma Physics: Confinement, Transport and Collective Effects},
  author={Dinklage, Andreas and Klinger, Thomas and Marx, Gerrit and Schweikhard, Lutz},
  volume={670},
  year={2005},
  publisher={Springer Science \& Business Media}
}

@inproceedings{marushchenko2012ecrh,
  title={ECRH and ECCD scenarios for W7-X},
  author={Marushchenko, NB and Beidler, CD and Erckmann, V and Geiger, J and Helander, P and Laqua, HP and Maassberg, H and Turkin, Y},
  booktitle={EPJ Web of Conferences},
  volume={32},
  pages={01004},
  year={2012},
  organization={EDP Sciences}
}

@article{pedersen2017key,
author = {Thomas {Sunn Pedersen} and Andreas Dinklage and Yuriy Turkin and Robert Wolf and Sergey Bozhenkov and Joachim Geiger and Golo Fuchert and Hans-Stephan Bosch and Kian Rahbarnia and Henning Thomsen and Ulrich Neuner and Thomas Klinger and Andreas Langenberg and Humberto Trimiño Mora and Petra Kornejew and Jens Knauer and Matthias Hirsch and Novimir Pablant},
title = {Key results from the first plasma operation phase and outlook for future           performance in Wendelstein 7-X},
journal = {Physics of Plasmas},
volume = {24},
number = {5},
pages = {055503},
year = {2017},
doi = {10.1063/1.4983629}
}

@Article{Weizsaecker1935zur,
author="Weizs{\"a}cker, C. F. v.",
title="Zur Theorie der Kernmassen",
journal="Zeitschrift f{\"u}r Physik",
year="1935",
volume="96",
number="7",
pages="431--458",
issn="0044-3328",
doi="10.1007/BF01337700",
url="http://dx.doi.org/10.1007/BF01337700"
}

@Article{Rummel2012the,
author={T. Rummel and K. Ribe and G. Ehrke and K. Rummel and A. John and T. Monnich and K. P. Buscher and W. H. Fietz and R. Heller and O. Neubauer and A. Panin},
journal={IEEE Transactions on Plasma Science},
title={The Superconducting Magnet System of the Stellarator Wendelstein 7-X},
year={2012},
volume={40},
number={3},
pages={769-776},
doi={10.1109/TPS.2012.2184774},
ISSN={0093-3813},
month={March},
}

@article{feng2011comparison,
  author={Y Feng and M Kobayashi and T Lunt and D Reiter},
  title={Comparison between stellarator and tokamak divertor transport},
  journal={Plasma Physics and Controlled Fusion},
  volume={53},
  number={2},
  pages={024009},
  url={http://stacks.iop.org/0741-3335/53/i=2/a=024009},
  year={2011},
}

@article{Bosch2013technical,
  author={H.-S. Bosch and R.C. Wolf and T. Andreeva and J. Baldzuhn and D. Birus and T. Bluhm and T. Bräuer and H. Braune and V. Bykov and A.
Cardella and F. Durodié and M. Endler and V. Erckmann and G. Gantenbein and D. Hartmann and D. Hathiramani and P. Heimann and B.
Heinemann and C. Hennig and M. Hirsch and D. Holtum and J. Jagielski and J. Jelonnek and W. Kasparek and T. Klinger and R. König and P.
Kornejew and H. Kroiss and J.G. Krom and G. Kühner and H. Laqua and H.P. Laqua and C. Lechte and M. Lewerentz and J. Maier and P.
McNeely and A. Messiaen and G. Michel and J. Ongena and A. Peacock and T.S. Pedersen and R. Riedl and H. Riemann and P. Rong and N.
Rust and J. Schacht and F. Schauer and R. Schroeder and B. Schweer and A. Spring and A. Stäbler and M. Thumm and Y. Turkin and L.
Wegener and A. Werner and D. Zhang and M. Zilker and T. Akijama and R. Alzbutas and E. Ascasibar and M. Balden and M. Banduch and Ch.
Baylard and W. Behr and C. Beidler and A. Benndorf and T. Bergmann and C. Biedermann and B. Bieg and W. Biel and M. Borchardt and G.
Borowitz and V. Borsuk and S. Bozhenkov and R. Brakel and H. Brand and T. Brown and B. Brucker and R. Burhenn and K.-P. Buscher and C.
Caldwell-Nichols and A. Cappa and A. Cardella and A. Carls and P. Carvalho and Ł. Ciupiński and M. Cole and J. Collienne and A.
Czarnecka and G. Czymek and G. Dammertz and C.P. Dhard and V.I. Davydenko and A. Dinklage and M. Drevlak and S. Drotziger and A.
Dudek and P. Dumortier and G. Dundulis and P.v. Eeten and K. Egorov and T. Estrada and H. Faugel and J. Fellinger and Y. Feng and H.
Fernandes and W.H. Fietz and W. Figacz and F. Fischer and J. Fontdecaba and A. Freund and T. Funaba and H. Fünfgelder and A.
Galkowski and D. Gates and L. Giannone and J.M. García Regaña and J. Geiger and S. Geißler and H. Greuner and M. Grahl and S.
Groß and A. Grosman and H. Grote and O. Grulke and M. Haas and L. Haiduk and H.-J. Hartfuß and J.H. Harris and D. Haus and B. Hein and P.
Heitzenroeder and P. Helander and R. Heller and C. Hidalgo and D. Hildebrandt and H. Höhnle and A. Holtz and E. Holzhauer and R.
Holzthüm and A. Huber and H. Hunger and F. Hurd and M. Ihrke and S. Illy and A. Ivanov and S. Jablonski and N. Jaksic and M.
Jakubowski and R. Jaspers and H. Jensen and H. Jenzsch and J. Kacmarczyk and T. Kaliatk and J. Kallmeyer and U. Kamionka and R.
Karaleviciu and S. Kern and M. Keunecke and R. Kleiber and J. Knauer and R. Koch and G. Kocsis and A. Könies and M. Köppen and R.
Koslowski and J. Koshurinov and A. Krämer-Flecken and R. Krampitz and Y. Kravtsov and M. Krychowiak and G. Krzesinski and I.
Ksiazek and M. Kubkowska and A. Kus and S. Langish and R. Laube and M. Laux and S. Lazerson and M. Lennartz and C. Li and R. Lietzow and A.
Lohs and A. Lorenz and F. Louche and L. Lubyako and A. Lumsdaine and A. Lyssoivan and H. Maaßberg and P. Marek and C. Martens and N.
Marushchenko and M. Mayer and B. Mendelevitch and Ph. Mertens and D. Mikkelsen and A. Mishchenko and B. Missal and T.
Mizuuchi and H. Modrow and T. Mönnich and T. Morizaki and S. Murakami and F. Musielok and M. Nagel and D. Naujoks and H. Neilson and O.
Neubauer and U. Neuner and R. Nocentini and J.-M. Noterdaeme and C. Nührenberg and S. Obermayer and G. Offermanns and H.
Oosterbeek and M. Otte and A. Panin and M. Pap and S. Paquay and E. Pasch and X. Peng and S. Petrov and D. Pilopp and H. Pirsch and B.
Plaum and F. Pompon and M. Povilaitis and J. Preinhaelter and O. Prinz and F. Purps and T. Rajna and S. Récsei and A. Reiman and D.
Reiter and J. Remmel and S. Renard and V. Rhode and J. Riemann and S. Rimkevicius and K. Riße and A. Rodatos and I. Rodin and M.
Romé and H.-J. Roscher and K. Rummel and Th. Rummel and A. Runov and L. Ryc and J. Sachtleben and A. Samartsev and M. Sanchez and F.
Sano and A. Scarabosio and M. Schmid and H. Schmitz and O. Schmitz and M. Schneider and W. Schneider and L. Scheibl and M. Scholz and G.
Schröder and M. Schröder and J. Schruff and H. Schumacher and I.V. Shikhovtsev and M. Shoji and G. Siegl and J. Skodzik and M.
Smirnow and E. Speth and D.A. Spong and R. Stadler and Z. Sulek and V. Szabó and T. Szabolics and T. Szetefi and Z.
Szökefalvi-Nagy and A. Tereshchenko and H. Thomsen and M. Thumm and D. Timmermann and H. Tittes and K. Toi and M.
Tournianski and U.v. Toussaint and J. Tretter and S. Tulipán and P. Turba and R. Uhlemann and J. Urban and E. Urbonavicius and P.
Urlings and S. Valet and D. Van Eester and M. Van Schoor and M. Vervier and H. Viebke and R. Vilbrandt and M. Vrancken and T.
Wauters and M. Weissgerber and E. Weiß and A. Weller and J. Wendorf and U. Wenzel and T. Windisch and E. Winkler and M. Winkler and J.
Wolowski and J. Wolters and G. Wrochna and P. Xanthopoulos and H. Yamada and M. Yokoyama and D. Zacharias and J. Zajac and G.
Zangl and M. Zarnstorff and H. Zeplien and S. Zoletnik and M. Zuin},
  title={Technical challenges in the construction of the steady-state stellarator Wendelstein 7-X},
  journal={Nuclear Fusion},
  volume={53},
  number={12},
  pages={126001},
  url={http://stacks.iop.org/0029-5515/53/i=12/a=126001},
  year={2013},
}

@article{kernbichler2003evaluation, 
author = {W. Kernbichler and S. V. Kasilov and V. V. Nemov and G. Leitold and M. F. Heyn},
title = {Evaluation of the Bootstrap Current in Stellarators},
journal = {AIP Conference Proceedings},
volume = {669},
number = {1},
pages = {492-495},
year = {2003},
doi = {10.1063/1.1593974},
}

@Article{isaev06-440,
  author =       {Isaev, M.~{Yu.} and Brunner, S. and Cooper, W.A. and Tran, T.M. and Bergmann, A. and Beidler, C.D. and Geiger, J. and Maassberg, H. and Nührenberg, J. and Schmidt, M.}, 
  title =        {VENUS+$\delta f$: A bootstrap current calculation module for 3-D configurations},
  journal =      {Fusion~Sci.~Technol.},
  year =         2006,
  volume =       50,
  pages =        {440--446}
}

@Article{matsuyama09-052501,
  author =       {Matsuyama, A. and Isaev, M.~{Yu}. and Watanabe, K.~Y. and Hanatani, K. and Suzuki, Y. and Nakajima, N. and Cooper, W.~A. and Tran, T.~M.},
  title =        {Moment approach to the bootstrap current in nonaxisymmetric toroidal plasmas using $\delta f$ Monte Carlo methods},
  journal =      {Phys. Plasmas},
  year =         {2009},
  volume =       {16},
  pages =        {052501}
}

@Article{kim14-073014,
   author    = {Kim, K. and Park, J.-K. and Boozer, A.~H. and Menard, J.~E. and Gerhardt, S.~P. and Logan, N.~C. and Wang,  Z~R. and Kramer, G.~J. and Burrell, K.~H. and Garofalo, A.~M.},
   title     = {Calculation of neoclassical toroidal viscosity with a particle simulation in the tokamak magnetic braking experiments},
   journal   = {Nuclear Fusion},
   year      = {2014},
   volume    = {54},
   number    = {7},
   pages     = {073014}
}

@Article{matsuoka15-072511,
  author =       {Matsuoka, S. and Satake, S. and Kanno, R. and Sugama, H.},
  title =        {Effects of magnetic drift tangential to magnetic surfaces on neoclassical transport in non-axisymmetric plasmas},
  journal =      {Phys. Plasmas},
  year =         {22},
  volume =       {15},
  pages =        {072511}
}

@Article{sasinowski1995-610,
  author =       {M. Sasinowski and A. H. Boozer},
  title =        {A $\delta$f {M}onte {C}arlo method to calculate plasma currents},
  journal =      {Phys. Plasmas},
  year =         1995,
  volume =       2,
  number =       3,
  pages =        {610-619}
}

@Article{allmaier2008-072512,
  author =       {K. Allmaier and S. V. Kasilov and W. Kernbichler
                  and G. O. Leitold},
  title =        {Variance reduction in computations of neoclassical transport
                  in stellarators using a $\delta f$ method},
  journal =      {Phys. Plasmas},
  year =         2008,
  volume =       15,
  pages =        {072512}
}

@Article{satake08-S1062,
  author =       {Satake, S. and Kanno, R. and Sugama, H.},
  title =        {Development of a Non-Local Neoclassical Transport Code for Helical Configurations},
  journal =      {Plasma and Fusion Research},
  year =         {2008},
  volume =       {3},
  pages =        {S1062}
}

@phdthesis{martitsch2016modeling, 
type   = {PhD thesis}, 
author = {Andreas F. Martitsch}, 
title  = {Modeling of Plasma Rotation in Tokamaks}, 
school = {Institute of Theoretical and Computational Physics, Graz University of Technology},
year   = {2016}
}

@phdthesis{leitold2010computation,
type   = {PhD thesis}, 
author = {Georg O. Leitold}, 
title  = {Computation of neoclassical transport coefficients and generalized Spitzer function in toroidal fusion plasmas}, 
school = {Institute of Theoretical and Computational Physics, Graz University of Technology},
year   = {2010}
}

@phdthesis{leitner2015impact, 
type   = {PhD thesis}, 
author = {Peter Leitner}, 
title  = {Impact of Energy and Momentum Conservation on Fluid Resonances in the Kinetic Modelling of the Interaction of Resonant Magnetic Perturbations with a Tokamak Plasma}, 
school = {Institute of Theoretical and Computational Physics, Graz University of Technology},
year   = {2015}
}

@misc{dhaeseleer1991flux,
  title={Flux Coordinates and Magnetic Field Structure: A Guide to a Fundamental Tool of Plasma Theory},
  author={D’Haeseleer, W D},
  year={1991},
  publisher={Springer-Verlag Berlin Heidelberg}
}

@article{hinton1976theory,
  title = {Theory of plasma transport in toroidal confinement systems},
  author = {Hinton, F. L. and Hazeltine, R. D.},
  journal = {Rev. Mod. Phys.},
  volume = {48},
  issue = {2},
  pages = {239--308},
  numpages = {0},
  year = {1976},
  month = {Apr},
  publisher = {American Physical Society},
  doi = {10.1103/RevModPhys.48.239},
  url = {http://link.aps.org/doi/10.1103/RevModPhys.48.239}
}

@article{kasilov2014evaluation, 
author = {Sergei V. Kasilov and Winfried Kernbichler and Andreas F. Martitsch and Henning Maassberg and Martin F. Heyn},
title = {Evaluation of the toroidal torque driven by external non-resonant non-axisymmetric magnetic field perturbations in a tokamak},
journal = {Physics of Plasmas},
volume = {21},
number = {9},
pages = {092506},
year = {2014},
doi = {10.1063/1.4894479}
}

@article{bornatici1983electron,
  author={M. Bornatici and R. Cano and O. De Barbieri and F. Engelmann},
  title={Electron cyclotron emission and absorption in fusion plasmas},
  journal={Nuclear Fusion},
  volume={23},
  number={9},
  pages={1153},
  url={http://stacks.iop.org/0029-5515/23/i=9/a=005},
  year={1983},
}

@techreport{kapper2015interface,
  author = {G. Kapper and W. Kernbichler and S. V. Kasilov and N. B. Marushchenko}, 
  title = {Interface to the generalized Spitzer function computed by NEO-2},
  year = {2015},
  institution = {EUROfusion}, 
  type = {Technical Report},
}

@techreport{kapper2017implementation,
  author = {G. Kapper and S. V. Kasilov and W. Kernbichler and A. F. Martitsch and N. B. Marushchenko}, 
  title = {Implementation of the fully relativistic full linearized Coulomb collision model in the code NEO-2 for ECCD modeling in tokamaks and stellarators with finite plasma collisionality},
  year = {2017},
  institution = {EUROfusion}, 
  type = {Technical Report},
}

@article{strand2001magnetic,
  title={Magnetic flux evolution in highly shaped plasmas},
  author={Strand, PI and Houlberg, WA},
  journal={Physics of Plasmas},
  volume={8},
  number={6},
  pages={2782--2792},
  year={2001},
  publisher={AIP}
}


@article{sun2010reevaluating,
title = "Reevaluating Amdahl’s law in the multicore era",
journal = "Journal of Parallel and Distributed Computing",
volume = "70",
number = "2",
pages = "183 - 188",
year = "2010",
note = "",
issn = "0743-7315",
doi = "http://dx.doi.org/10.1016/j.jpdc.2009.05.002",
url = "http://www.sciencedirect.com/science/article/pii/S0743731509000884",
author = "Xian-He Sun and Yong Chen",
keywords = "Multicore architecture",
keywords = "Scalability",
keywords = "Scalable computing",
keywords = "Memory wall"
}

@inproceedings{amdahl1967validity,
 author = {Amdahl, Gene M.},
 title = {Validity of the Single Processor Approach to Achieving Large Scale Computing Capabilities},
 booktitle = {Proceedings of the April 18-20, 1967, Spring Joint Computer Conference},
 series = {AFIPS '67 (Spring)},
 year = {1967},
 location = {Atlantic City, New Jersey},
 pages = {483--485},
 numpages = {3},
 url = {http://doi.acm.org/10.1145/1465482.1465560},
 doi = {10.1145/1465482.1465560},
 acmid = {1465560},
 publisher = {ACM},
 address = {New York, NY, USA},
} 

@TechReport{MPI2009,
 Title = {MPI: A Message-Passing Interface Standard},
 Author = {{Message Passing Interface Forum}},
 Year = {Version 2.2, September 2009},
 Url = {http://www.mpi-forum.org/docs/mpi-2.2/mpi22-report.pdf}
}

@MastersThesis{Kapper2013development,
  title={Development of a library for parallel computation of physical problems and its application to plasma physics},
  author={Kapper, G.},
  school = {Graz University of Technology},
  year={2013},
  type={Master Thesis}
}

@MastersThesis{martitsch2012development,
  title={Development of a conservative finite difference scheme for heat transport problems in magnetized plasmas},
  author={Martitsch, A. F.},
  school = {Graz University of Technology},
  year={2012},
  type={Master Thesis},
}

@article{Alejaldre1999first,
  author={C Alejaldre and J Alonso and L Almoguera and E Ascasíbar and A Baciero and R Balbín and M Blaumoser and J Botija and B Brañas and E de
la Cal and A Cappa and R Carrasco and F Castejón and J R Cepero and C Cremy and J Doncel and C Dulya and T Estrada and A Fernández and M
Francés and C Fuentes and A García and I García-Cortés and J Guasp and J Herranz and C Hidalgo and J A Jiménez and I Kirpitchev and V
Krivenski and I Labrador and F Lapayese and K Likin and M Liniers and A López-Fraguas and A López-Sánchez and E de la Luna and R
Martín and A Martínez and M Medrano and P Méndez and K McCarthy and F Medina and B van Milligen and M Ochando and L Pacios and I
Pastor and M.A Pedrosa and A de la Peña and A Portas and J Qin and L Rodríguez-Rodrigo and A Salas and E Sánchez and J Sánchez and F
Tabarés and D Tafalla and V Tribaldos and J Vega and B Zurro and D Akulina and O I Fedyanin and S Grebenshchicov and N Kharchev and A
Meshcheryakov and R Barth and G van Dijk and H van der Meiden and S Petrov},
  title={First plasmas in the TJ-II flexible Heliac},
  journal={Plasma Physics and Controlled Fusion},
  volume={41},
  number={3A},
  pages={A539},
  url={http://stacks.iop.org/0741-3335/41/i=3A/a=047},
  year={1999},
}

@misc{kasilov2016direct,
  author = {Kasilov, S V},
  date = {2016},
  title = {Direct evaluation of Beliaev/Budker}, 
  howpublished = {Personal communication}
}

@book{scheck2003theoretische,
  author = {Scheck, F}, 
  date = {2003}, 
  title = {Theoretische Physik 1}, 
  publisher = {Springer-Verlag Berlin Heidelberg} 
}


  	
@article{laqua2003successful, 
  author={H.P. Laqua and H. Maassberg and F. Volpe and {W7-AS Team} and {ECRH-Group}},
  title={Electron Bernstein wave heating and current drive in overdense plasmas at the W7-AS stellarator},
  journal={Nuclear Fusion},
  volume={43},
  number={11},
  pages={1324},
  url={http://stacks.iop.org/0029-5515/43/i=11/a=004},
  year={2003},
}
	

@article{webster2003fusion,
  title={Fusion: Power for the future},
  author={Webster, Anthony J},
  journal={Physics education},
  volume={38},
  number={2},
  pages={135},
  year={2003},
  publisher={IOP Publishing}
}

@Article{shaing83-3315,
  author =       {Shaing, K.~C. and Callen, J.~D.},
  title =        {Neoclassical flows and transport in nonaxisymmetric toroidal plasmas},
  journal =      {Phys.~Fluids},
  year =         {1983},
  volume =       {28},
  number =       {11},
  pages =        {3315--3326}
}

@Article{boozer90-2408,
  author =       {Boozer, A.~H. and Gardner, H.~J.},
  title =        {The bootstrap current in stellarators},
  journal =      {Phys. Fluids B},
  year =         1990,
  volume =       2,
  pages =        {2408--2421}
}

@Article{nakajima89-605,
  author =       {Nakajima, N. and Okamoto, M. and Todoroki, J. and Nakamura, Y. and Wakatani, M.},
  title =        {Optimization of the bootstrap current in a large helical system with $L=2$},
  journal =      {Nuclear~Fusion},
  year =         {1989},
  volume =       {29},
  number =       {4},
  pages =        {605--616}
}

